<record><leader>00000cas a22000007a 4500</leader><controlfield tag="001">27786929</controlfield><controlfield tag="008">930324d19uu1988okudr n       0    0eng d</controlfield><datafield ind1=" " ind2=" " tag="010"><subfield code="a">sn 93066021 </subfield></datafield><datafield ind1=" " ind2=" " tag="040"><subfield code="a">OBN</subfield><subfield code="b">eng</subfield><subfield code="c">OBN</subfield><subfield code="d">OCLCQ</subfield></datafield><datafield ind1=" " ind2=" " tag="042"><subfield code="a">msc</subfield></datafield><datafield ind1="0" ind2="4" tag="245"><subfield code="a">The Osage journal-news.</subfield></datafield><datafield ind1=" " ind2=" " tag="260"><subfield code="a">Pawhuska, Okla. :</subfield><subfield code="b">Osage Newspaper Co.</subfield></datafield><datafield ind1=" " ind2=" " tag="300"><subfield code="a">v.</subfield></datafield><datafield ind1=" " ind2=" " tag="310"><subfield code="a">Weekly</subfield></datafield><datafield ind1="0" ind2=" " tag="362"><subfield code="a">-v. 78, no. 41 (Oct. 7, 1988).</subfield></datafield><datafield ind1=" " ind2=" " tag="588"><subfield code="a">Description based on: Vol. 63, no. 35 (Aug. 31, 1962).</subfield></datafield><datafield ind1=" " ind2="4" tag="651"><subfield code="a">Pawhuska (Okla.)</subfield><subfield code="v">Newspapers.</subfield></datafield><datafield ind1=" " ind2="4" tag="651"><subfield code="a">Osage County (Okla.)</subfield><subfield code="v">Newspapers.</subfield></datafield><datafield ind1=" " ind2=" " tag="752"><subfield code="a">United States</subfield><subfield code="b">Oklahoma</subfield><subfield code="c">Osage</subfield><subfield code="d">Pawhuska.</subfield></datafield><datafield ind1="0" ind2=" " tag="775"><subfield code="t">Pawhuska journal-capital (Pawhuska, Okla. : 1951)</subfield><subfield code="w">(DLC)sn 93066003</subfield></datafield><datafield ind1="0" ind2="0" tag="780"><subfield code="t">Osage journal and the Osage County news</subfield><subfield code="w">(DLC)sn 93066225</subfield><subfield code="w">(OCoLC)29304798</subfield></datafield><datafield ind1="0" ind2="1" tag="785"><subfield code="t">Pawhuska journal-capital (Pawhuska, Okla. : 1951)</subfield><subfield code="w">(DLC)sn 93066003</subfield><subfield code="w">(OCoLC)27787793</subfield></datafield><datafield ind1="1" ind2=" " tag="029"><subfield code="a">AU@</subfield><subfield code="b">000020745232</subfield></datafield></record>